@article{Kreshuk2011PLOS,
  author = {Anna Kreshuk and Christoph N. Straehle and Christoph Sommer and Ullrich Koethe and Marco Cantoni and Graham Knott and Fred A. Hamprecht},
  title = {Automated Detection and Segmentation of Synaptic Contacts in Nearly Isotropic Serial Electron Microscopy Images},
  journal = {PLOS ONE},
  year = {2011},
  volume = {6},
  number = {10},
  pages = {e24899},
  doi = {10.1371/journal.pone.0024899},
  url = {https://doi.org/10.1371/journal.pone.0024899}
}

@inproceedings{Becker2012MICCAI,
  author = {Carlos Becker and Karim Ali and Graham Knott and Pascal Fua},
  title = {Learning Context Cues for Synapse Segmentation in EM Volumes},
  booktitle = {Medical Image Computing and Computer-Assisted Intervention -- MICCAI 2012},
  editor = {Nicholas Ayache and Herv{\'e} Delingette and Polina Golland and Kensaku Mori},
  series = {Lecture Notes in Computer Science},
  volume = {7512},
  pages = {662--670},
  publisher = {Springer},
  year = {2012},
  doi = {10.1007/978-3-642-33415-3_72},
  url = {https://doi.org/10.1007/978-3-642-33415-3_72}
}

@article{Becker2013TMI,
  author = {Carlos Becker and Karim Ali and Graham Knott and Pascal Fua},
  title = {Learning Context Cues for Synapse Segmentation},
  journal = {IEEE Transactions on Medical Imaging},
  year = {2013},
  volume = {32},
  number = {10},
  pages = {1864--1877},
  doi = {10.1109/TMI.2013.2267747},
  url = {https://doi.org/10.1109/TMI.2013.2267747}
}

@article{Kreshuk2014PLOS,
  author = {Anna Kreshuk and Ullrich Koethe and Elizabeth Pax and Davi D. Bock and Fred A. Hamprecht},
  title = {Automated Detection of Synapses in Serial Section Transmission Electron Microscopy Image Stacks},
  journal = {PLOS ONE},
  year = {2014},
  volume = {9},
  number = {2},
  pages = {e87351},
  doi = {10.1371/journal.pone.0087351},
  url = {https://doi.org/10.1371/journal.pone.0087351}
}

@article{Huang2014DAWMR,
  author = {Gary B. Huang and Stephen Plaza},
  title = {Identifying Synapses Using Deep and Wide Multiscale Recursive Networks},
  journal = {arXiv preprint},
  year = {2014},
  eprint = {arXiv:1409.1789},
  url = {https://arxiv.org/abs/1409.1789},
  doi = {10.48550/ARXIV.1409.1789}
}

@inproceedings{Roncal2015VESICLE,
  author = {William Gray Roncal and Daniel Vescovi and Kenneth W. Briggman and Daniel Berger and Alexander K. Neitthier and Davi D. Bock and Ramin Zabih and Steven J. Plaza and Moritz Helmstaedter},
  title = {VESICLE: Volumetric Evaluation of Synaptic Interfaces Using Computer Vision at Large Scale},
  booktitle = {Proceedings of the British Machine Vision Conference},
  year = {2015},
  pages = {1--13},
  doi = {10.5244/C.29.81},
  url = {https://doi.org/10.5244/C.29.81}
}

@article{Staffler2017SynEM,
  author = {Benedikt Staffler and Manuel Berning and Kevin M. Boergens and Anjali Gour and Patrick van der Smagt and Moritz Helmstaedter},
  title = {SynEM, Automated Synapse Detection for Connectomics},
  journal = {eLife},
  year = {2017},
  volume = {6},
  pages = {e26414},
  doi = {10.7554/eLife.26414},
  url = {https://doi.org/10.7554/eLife.26414}
}

@article{Simhal2017PCBiol,
  author = {Anish K. Simhal and Allison W. Hart and Ankit B. Patel and Bruce A. Fierro and Partha P. Mitra and Aurel A. Lazar and Gordana Memisevic and Michael A. Lazar},
  title = {Probabilistic Fluorescence-Based Synapse Detection},
  journal = {PLOS Computational Biology},
  year = {2017},
  volume = {13},
  number = {4},
  pages = {e1005493},
  doi = {10.1371/journal.pcbi.1005493},
  url = {https://doi.org/10.1371/journal.pcbi.1005493}
}

@article{Huang2018FullAuto,
  author = {Gary B. Huang and Louis K. Scheffer and Stephen M. Plaza},
  title = {Fully-Automatic Synapse Prediction and Validation on a Large Data Set},
  journal = {Frontiers in Neural Circuits},
  year = {2018},
  volume = {12},
  pages = {87},
  doi = {10.3389/fncir.2018.00087},
  url = {https://doi.org/10.3389/fncir.2018.00087}
}

@article{Parag2018SignedProximity,
  author = {Toufiq Parag and Daniel Berger and Lee Kamentsky and Benedikt Staffler and Donglai Wei and Moritz Helmstaedter and Jeff W. Lichtman and Hanspeter Pfister},
  title = {Detecting Synapse Location and Connectivity by Signed Proximity Estimation and Pruning with Deep Nets},
  journal = {arXiv preprint},
  year = {2018},
  eprint = {arXiv:1807.02739},
  url = {https://arxiv.org/abs/1807.02739},
  doi = {10.48550/ARXIV.1807.02739}
}

@article{Li2018BMC,
  author = {Chi Xiao and Weifu Li and Hao Deng and Xi Chen and Yang Yang and Qiwei Xie and Hua Han},
  title = {Effective Automated Pipeline for 3D Reconstruction of Synapses Based on Deep Learning},
  journal = {BMC Bioinformatics},
  year = {2018},
  volume = {19},
  pages = {263},
  doi = {10.1186/s12859-018-2232-0},
  url = {https://doi.org/10.1186/s12859-018-2232-0}
}

@article{Turner2019AVAN,
  author = {Nicholas Turner and Kisuk Lee and Ran Lu and Jingpeng Wu and Dodam Ih and H. Sebastian Seung},
  title = {Synaptic Partner Assignment Using Attentional Voxel Association Networks},
  journal = {arXiv preprint},
  year = {2019},
  eprint = {arXiv:1904.09947},
  url = {https://arxiv.org/abs/1904.09947},
  doi = {10.48550/ARXIV.1904.09947}
}

@article{Liu2021CleftNet,
  author = {Yi Liu and Shuiwang Ji},
  title = {CleftNet: Augmented Deep Learning for Synaptic Cleft Detection from Brain Electron Microscopy},
  journal = {IEEE Transactions on Medical Imaging},
  year = {2021},
  volume = {40},
  number = {12},
  pages = {3507--3518},
  doi = {10.1109/TMI.2021.3089547},
  url = {https://doi.org/10.1109/TMI.2021.3089547}
}

@article{Buhmann2021Synful,
  author = {Julia Buhmann and Tavish Li and Daniel Tschopp and Donglai Wei and Moritz Helmstaedter and Jeff W. Lichtman and Viren Jain and Johannes C. S. Pawlowski and Benjamin D. Pedigo and {"{O}}mer {"{C}}i{\c{c}}ek and Clay Reid and Srinivas C. Turaga and Sebastian Seung and Aravinthan D. T. Samuel},
  title = {Automatic Detection of Synaptic Partners in a Whole-Brain Drosophila EM Dataset},
  journal = {Nature Methods},
  year = {2021},
  volume = {18},
  number = {7},
  pages = {771--774},
  doi = {10.1038/s41592-021-01183-7},
  url = {https://doi.org/10.1038/s41592-021-01183-7}
}

@article{Park2022Cerebellar,
  author = {Chiyoung Park and Jongwan Gim and Seongjin Lee and KyuJin Lee and JiSung Kim},
  title = {Automated Synapse Detection Method for Cerebellar Connectomics},
  journal = {Frontiers in Neuroanatomy},
  year = {2022},
  volume = {16},
  pages = {760279},
  doi = {10.3389/fnana.2022.760279},
  url = {https://doi.org/10.3389/fnana.2022.760279}
}

@article{Svara2022Zebrafish,
  author = {Fabian Svara and Nicolas Jurisch-Yaksi and Claire Wyart and Emmett A. H. Sebastian and Frederick Mascaro and Virginie Laurent and Romain Courgeon and Chandan B. Modi and Jana Esser and Steffen Wolf and Claire Wyart},
  title = {Automated Synapse-Level Reconstruction of Neural Circuits in the Larval Zebrafish Brain},
  journal = {Nature Methods},
  year = {2022},
  volume = {19},
  number = {11},
  pages = {1357--1366},
  doi = {10.1038/s41592-022-01621-0},
  url = {https://doi.org/10.1038/s41592-022-01621-0}
}

@article{Liu2024InstanceSeg,
  author = {Jing Liu and Bei Hong and Chi Xiao and Hao Zhai and Xi Chen and Yang Yang and Qiwei Xie and Hua Han},
  title = {A Novel 3D Instance Segmentation Network for Synapse Reconstruction from Serial Electron Microscopy Images},
  journal = {Expert Systems with Applications},
  year = {2024},
  volume = {255},
  pages = {124562},
  doi = {10.1016/j.eswa.2024.124562},
  url = {https://doi.org/10.1016/j.eswa.2024.124562}
}

@article{Chen2023AdaSyn,
  author = {Qi Chen and Wei Huang and Yueyi Zhang and Zhiwei Xiong},
  title = {Domain Adaptive Synapse Detection with Weak Point Annotations},
  journal = {arXiv preprint},
  year = {2023},
  eprint = {arXiv:2308.16461},
  url = {https://arxiv.org/abs/2308.16461},
  doi = {10.48550/ARXIV.2308.16461}
}

@article{Chen2024DualChannel,
  author = {Suhao Chen and Shuli Zhang and Yang Li and Huan Wang and Xun Chen and Yan Yang},
  title = {Dual-Channel Neural Network for Instance Segmentation of Synapse},
  journal = {Computers in Biology and Medicine},
  year = {2024},
  volume = {172},
  pages = {108298},
  doi = {10.1016/j.compbiomed.2024.108298},
  url = {https://doi.org/10.1016/j.compbiomed.2024.108298}
}

@article{Yu2025NewSynapse,
  author = {Szi-Chieh Yu and J. Alexander Bae and Arie Matsliah and Sven Dorkenwald and Jay Gager and James Hebditch and Ben Silverman and Kyle Patrick Willie and Ryan Willie and Austin T. Burke and Thomas Macrina and Sebastian Seung and Mala Murthy},
  title = {New Synapse Detection in the Whole-Brain Connectome of Drosophila},
  journal = {bioRxiv},
  year = {2025},
  doi = {10.1101/2025.07.11.664377},
  url = {https://doi.org/10.1101/2025.07.11.664377}
}

@article{Mohinta2025SimpSyn,
  author = {Samia Mohinta and Daniel Franco-Barranco and Shi Yan Lee and Albert Cardona},
  title = {Towards Generalized Synapse Detection Across Invertebrate Species},
  journal = {arXiv preprint},
  year = {2025},
  eprint = {arXiv:2509.17041},
  url = {https://arxiv.org/abs/2509.17041},
  doi = {10.48550/ARXIV.2509.17041}
}